@article{Abebe,
	author = "Abebe, Rediet, Adamic, Ada, and Kleinberg, Jon",
	journal = "arXiv preprint arXiv:1709.04123",
	title = "Mitigating Overexposure in Viral Marketing",
	year = "2017"
}

@article{Valiant,
 	title="The Complexity of Enumeration and Reliability Problems",
	author="Valiant, Leslie G.",
	journal="SIAM J. Comput.",
	volume="8",
	number="3",
	pages="410--421",
	year="1979"
}